@techreport{FOLIA,
  author = {Maarten van Gompel}, 
  title = {{FoLiA}: {Format for Linguistic Annotation. Documentation.} {ILK Technical Report} 12-03. Available from {http://ilk.uvt.nl/downloads/pub/papers/ilk.1203.pdf}},
  type = {{ILK Technical Report}},
  year = 2012
}

